%% This BibTeX bibliography file was created using BibDesk.
%% https://bibdesk.sourceforge.io/

%% Created for Anthony at 2021-11-08 10:11:53 -0500 


%% Saved with string encoding Unicode (UTF-8) 



@article{Steinskog,
  title = {A Cautionary Note on the Use of the Kolmogorov-Smirnov Test for Normality},
	author = {Dag J. Steinskog and Dag B. Tj{\o}stheim and Nils G. Kvamst{\o}},
	journal = {Monthly Weather Review},
	volume = {135},
	number = {3},
	pages = {1151-1157},
	year = {2007}}
	
@article{Weiss,
  title={Modification of the {K}olmogorov-{S}mirnov Statistic for Use with Correlated Data},
  author={Marc S. Weiss},
  journal={Journal of the American Statistical Association},
  volume={73},
  number={364},
  pages={872-875},
  year={1978},
  publisher={Taylor \& Francis}
}

@article{Massey,
  title={The {K}olmogorov-{S}mirnov Test for Goodness of Fit},
  author={Frank J. Massey},
  journal={Journal of the American Statistical Association},
  volume={46},
  number={253},
  pages={68-78},
  year={1951},
  publisher={Taylor \& Francis}
}

@article{Lilliefors,
  title={On the {K}olmogorov-{S}mirnov Test for Normality with Mean and Variance Unknown},
  author={Hubert W. Lilliefors},
  journal={Journal of the American Statistical Association},
  volume={62},
  number={318},
  pages={399-402},
  year={1967},
  publisher={American Statistical Association}
}

@article{Arnold,
  title = {Nonparametric Goodness-of-Fit Tests for Discrete Null
    Distributions},
  author = {Taylor A. Arnold and John W. Emerson},
  journal = {The R Journal},
  year = {2011},
  volume = {3},
  number = {2},
  pages = {34-39},
}
  
@article{Conover,
 author = {W. J. Conover},
 journal = {Journal of the American Statistical Association},
 number = {339},
 pages = {591-596},
 publisher = {[American Statistical Association, Taylor & Francis, Ltd.]},
 title = {A {K}olmogorov Goodness-of-Fit Test for Discontinuous Distributions},
 volume = {67},
 year = {1972}
}

@article{Gleser,
 author = {Leon Jay Gleser},
 journal = {Journal of the American Statistical Association},
 number = {392},
 pages = {954-958},
 publisher = {[American Statistical Association, Taylor & Francis, Ltd.]},
 title = {Exact Power of Goodness-of-Fit Tests of {K}olmogorov Type for Discontinuous Distributions},
 volume = {80},
 year = {1985}
}

@article{Babu,
  title={Goodness-of-fit tests when parameters are estimated},
  author={Gutti Jogesh Babu and Rao Cr},
  journal={Sankhya: The Indian Journal of Statistics},
  year={2004},
  volume={66},
  pages={63-74}
}

@article{Butorina,
author = {Butorina, Yu and Nikitin, Yakov},
year = {2011},
pages = {97-102},
title = {On large deviations of smoothed Kolmogorov-Smirnovâ€™s statistics},
volume = {44},
journal = {Vestnik St. Petersburg University: Mathematics},
doi = {10.3103/S106345411102004X}
}

@article{Racine,
	author = {Jeffrey S. Racine and Ingrid Van Keilegom},
	journal = {Journal of Business \& Economic Statistics},
	pages = {784-795},
	publisher = {Taylor & Francis},
	title = {A Smooth Nonparametric, Multivariate, Mixed-Data Location-Scale Test},
	volume = {38},
	year = {2020}
}

@article{Wang,
	author = {Jiangyan Wang and Fuxia Cheng and Lijian Yang},
	journal = {Journal of Nonparametric Statistics},
	pages = {395-407},
	title = {Smooth simultaneous confidence bands for cumulative distribution functions},
	volume = {25},
	year = {2013}
}

@article{Capasso,
	author = {Capasso, Marco and Alessi, Lucia and Barigozzi, Matteo and Fagiolo, Giorgio},
	journal = {Advances in Complex Systems},
	pages = {157-167},
	title = {On Approximating the Distributions of Goodness-of-Fit Tets Statistics Based on the Empirical Distribution Function: The Case of Unknown Parameters},
	volume = {12},
	year = {2009}
}

@article{Dimitrova,
	author = {Dimitrova, Dimitrina S. and Kaishev, Vladimir K. and Tan, Senren},
	journal = {Journal of Statistical Software},
	pages = {1-42},
	title = {Computing the {K}olmogorov-{S}mirnov Distribution When the Underlying CDF is Purely Discrete, Mixed, or Continuous},
	volume = {95},
	year = {2020}}

